@article{lessler-et-al:2016,
   author={Lessler, Jusin and Metcalf, C. Jessica and Cutts, Felicity T. and Grenfell, Bryan T.},
   title={Impact on Epidemic Measles of Vaccination Campaigns Triggered by Disease Outbreaks or Serosurveys: A Modeling Study},
   journal={PLOS Medicine},
   year=2016,
   pages={1-14},
   doi={10.1371/journal.pmed.1002144}
}
@article{longini-et-al:2005,
  author={Longini Jr., Ira M. and Nizam, Azhar and Xu, Shufu and Ungchusak, Kumnuan and Hanshaoworakul, Wanna and Cummings, Derek A. T. and Halloran, M. Elizabeth},
  title={Containing Pandemic Influenza at the Source},
  journal={Science},
  volume={309},
  year={2005},
  pages={1083-1087},
  doi={10.1126/science.1115717}
}
@article{rivers-et-al:2014,
  author={Rivers, Caitlin M. and Lofgren, Eric T. and Marathe, Madhav and Lewis, Bryan L.},
  title={Modeling the Impact of Interventions on an Epidemic of Ebola in Sierra Leone and Liberia},
  journal={PLoS Current},
  year={2014},
  doi={10.1371/currents.outbreaks.4d41fe5d6c05e9df30ddce33c66d084c}
}

@article{forsberg-white-et-al:2009,
  author={Forsberg White, Laura and Wallinga, Jacco and Finelli, Lyn and Reed, Carrie and Riley, Steven and Lipsitch, Marc and Pagano, Marcello},
  title={Estimation of the reproductive number and the serial interval in early phase of the 2009 influenza A⁄H1N1 pandemic in the USA},
  journal={Influenza and Other Respiratory Viruses},
  volume={3},
  year={2009},
  pages={267-276},
  doi={10.1111/j.1750-2659.2009.00106.x}
}

@book{miller-book,
  author={Kiss, István Z. and Miller, Joel C. and Simon, Péter L.},
  title={Mathematics of Epidemics on Networks: From Exact to Approximate Models},
  publisher={Springer},
  year      = 2017,
  volume    = {46},
  note      = {An optional note},
  isbn      = {978-3-319-50804-7},
  doi       = {10.1007/978-3-319-50806-1}
}

@article{kenah-miller:2011,
  author={Kenah, Eben and Miller, Joel C.},
  title={Epidemic Percolation Networks, Epidemic Outcomes, and Interventions},
  journal={Interdisciplinary Perspectives on Infectious Diseases},
  volume={2011},
  year={2011},
  doi={10.1155/2011/543520}
}

@article{holland:1988,
  author={Holland, Paul W.},
  title={Causal Inference, Path Analysis and Recursive Structural Equations Models},
  doi={10.1002/j.2330-8516.1988.tb00270.x}
}
 
@article{holland:1986,
  author = { Paul W.   Holland },
  title = {Statistics and Causal Inference},
  journal = {Journal of the American Statistical Association},
  volume = {81},
  number = {396},
  pages = {945-960},
  year  = {1986},
  publisher = {Taylor & Francis},
  doi = {10.1080/01621459.1986.10478354},
  URL = { https://www.tandfonline.com/doi/abs/10.1080/01621459.1986.10478354},
  eprint = { https://www.tandfonline.com/doi/pdf/10.1080/01621459.1986.10478354 }
}
